%YAML 1.1
%TAG !u! tag:unity3d.com,2011:
--- !u!114 &-8982820633332186736
MonoBehaviour:
  m_ObjectHideFlags: 0
  m_CorrespondingSourceObject: {fileID: 0}
  m_PrefabInstance: {fileID: 0}
  m_PrefabAsset: {fileID: 0}
  m_GameObject: {fileID: 0}
  m_Enabled: 1
  m_EditorHideFlags: 0
  m_Script: {fileID: 11500000, guid: ceb653cd98e289a4e8697a1af55201f2, type: 3}
  m_Name: event:/Connection Confirm
  m_EditorClassIdentifier: 
  Path: event:/Connection Confirm
  guid: db304c82d39edb4ebcffa6e9cfe9470b
  Banks:
  - {fileID: 7491346207277639554}
  IsStream: 0
  Is3D: 0
  IsOneShot: 1
  Parameters: []
  MinDistance: 0
  MaxDistance: 0
  Length: 125
--- !u!114 &-7434868677615563353
MonoBehaviour:
  m_ObjectHideFlags: 0
  m_CorrespondingSourceObject: {fileID: 0}
  m_PrefabInstance: {fileID: 0}
  m_PrefabAsset: {fileID: 0}
  m_GameObject: {fileID: 0}
  m_Enabled: 1
  m_EditorHideFlags: 0
  m_Script: {fileID: 11500000, guid: c18180ecb35941f4682ae60107b85b7c, type: 3}
  m_Name: bank:/Master.bank
  m_EditorClassIdentifier: 
  Path: Assets/Audio/Automata/Build/Desktop/Master.bank
  SubDir: 
  lastModified: 637360477240000000
  LoadResult: 0
  FileSizes: []
  Exists: 0
--- !u!114 &-4892167336770421144
MonoBehaviour:
  m_ObjectHideFlags: 0
  m_CorrespondingSourceObject: {fileID: 0}
  m_PrefabInstance: {fileID: 0}
  m_PrefabAsset: {fileID: 0}
  m_GameObject: {fileID: 0}
  m_Enabled: 1
  m_EditorHideFlags: 0
  m_Script: {fileID: 11500000, guid: ceb653cd98e289a4e8697a1af55201f2, type: 3}
  m_Name: event:/Node Out
  m_EditorClassIdentifier: 
  Path: event:/Node Out
  guid: 8b0c64fd1d48e241997439603ad783c9
  Banks:
  - {fileID: 7491346207277639554}
  IsStream: 0
  Is3D: 0
  IsOneShot: 1
  Parameters: []
  MinDistance: 0
  MaxDistance: 0
  Length: 102
--- !u!114 &-3541222065216346416
MonoBehaviour:
  m_ObjectHideFlags: 0
  m_CorrespondingSourceObject: {fileID: 0}
  m_PrefabInstance: {fileID: 0}
  m_PrefabAsset: {fileID: 0}
  m_GameObject: {fileID: 0}
  m_Enabled: 1
  m_EditorHideFlags: 0
  m_Script: {fileID: 11500000, guid: ceb653cd98e289a4e8697a1af55201f2, type: 3}
  m_Name: event:/Pick Up
  m_EditorClassIdentifier: 
  Path: event:/Pick Up
  guid: 6165316d61faef40abcce992a0618e75
  Banks: []
  IsStream: 0
  Is3D: 0
  IsOneShot: 1
  Parameters: []
  MinDistance: 0
  MaxDistance: 0
  Length: 109
--- !u!114 &-3186882507846248813
MonoBehaviour:
  m_ObjectHideFlags: 0
  m_CorrespondingSourceObject: {fileID: 0}
  m_PrefabInstance: {fileID: 0}
  m_PrefabAsset: {fileID: 0}
  m_GameObject: {fileID: 0}
  m_Enabled: 1
  m_EditorHideFlags: 0
  m_Script: {fileID: 11500000, guid: ceb653cd98e289a4e8697a1af55201f2, type: 3}
  m_Name: event:/Click Button
  m_EditorClassIdentifier: 
  Path: event:/Click Button
  guid: 95c270e0a81ed5478b617a83a91ee40b
  Banks:
  - {fileID: 7491346207277639554}
  IsStream: 0
  Is3D: 0
  IsOneShot: 1
  Parameters: []
  MinDistance: 0
  MaxDistance: 0
  Length: 10
--- !u!114 &-1906194493066878610
MonoBehaviour:
  m_ObjectHideFlags: 0
  m_CorrespondingSourceObject: {fileID: 0}
  m_PrefabInstance: {fileID: 0}
  m_PrefabAsset: {fileID: 0}
  m_GameObject: {fileID: 0}
  m_Enabled: 1
  m_EditorHideFlags: 0
  m_Script: {fileID: 11500000, guid: ceb653cd98e289a4e8697a1af55201f2, type: 3}
  m_Name: event:/Node Pick Up
  m_EditorClassIdentifier: 
  Path: event:/Node Pick Up
  guid: 6165316d61faef40abcce992a0618e75
  Banks:
  - {fileID: 7491346207277639554}
  IsStream: 0
  Is3D: 0
  IsOneShot: 1
  Parameters: []
  MinDistance: 0
  MaxDistance: 0
  Length: 109
--- !u!114 &-1153435814353963960
MonoBehaviour:
  m_ObjectHideFlags: 0
  m_CorrespondingSourceObject: {fileID: 0}
  m_PrefabInstance: {fileID: 0}
  m_PrefabAsset: {fileID: 0}
  m_GameObject: {fileID: 0}
  m_Enabled: 1
  m_EditorHideFlags: 0
  m_Script: {fileID: 11500000, guid: c18180ecb35941f4682ae60107b85b7c, type: 3}
  m_Name: bank:/Master.bank
  m_EditorClassIdentifier: 
  Path: Assets/Audio/Automata/Build/Desktop/Master.bank
  SubDir: 
  lastModified: 637360475870000000
  LoadResult: 0
  FileSizes: []
  Exists: 0
--- !u!114 &-242772040036018978
MonoBehaviour:
  m_ObjectHideFlags: 0
  m_CorrespondingSourceObject: {fileID: 0}
  m_PrefabInstance: {fileID: 0}
  m_PrefabAsset: {fileID: 0}
  m_GameObject: {fileID: 0}
  m_Enabled: 1
  m_EditorHideFlags: 0
  m_Script: {fileID: 11500000, guid: c18180ecb35941f4682ae60107b85b7c, type: 3}
  m_Name: bank:/Master.bank
  m_EditorClassIdentifier: 
  Path: Assets/Audio/Automata/Build/Desktop/Master.bank
  SubDir: 
  lastModified: 637360480880000000
  LoadResult: 0
  FileSizes: []
  Exists: 0
--- !u!114 &-183078991180437809
MonoBehaviour:
  m_ObjectHideFlags: 0
  m_CorrespondingSourceObject: {fileID: 0}
  m_PrefabInstance: {fileID: 0}
  m_PrefabAsset: {fileID: 0}
  m_GameObject: {fileID: 0}
  m_Enabled: 1
  m_EditorHideFlags: 0
  m_Script: {fileID: 11500000, guid: c18180ecb35941f4682ae60107b85b7c, type: 3}
  m_Name: bank:/Master.bank
  m_EditorClassIdentifier: 
  Path: Assets/Audio/Automata/Build/Desktop/Master.bank
  SubDir: 
  lastModified: 637360482390000000
  LoadResult: 0
  FileSizes: []
  Exists: 0
--- !u!114 &11400000
MonoBehaviour:
  m_ObjectHideFlags: 0
  m_CorrespondingSourceObject: {fileID: 0}
  m_PrefabInstance: {fileID: 0}
  m_PrefabAsset: {fileID: 0}
  m_GameObject: {fileID: 0}
  m_Enabled: 1
  m_EditorHideFlags: 0
  m_Script: {fileID: 11500000, guid: d32cf7c32a3ed8347bac48ef5ed56d82, type: 3}
  m_Name: FMODStudioCache
  m_EditorClassIdentifier: 
  EditorBanks:
  - {fileID: 8434869604931160857}
  - {fileID: 7491346207277639554}
  EditorEvents:
  - {fileID: 3843933327504349841}
  - {fileID: -1906194493066878610}
  - {fileID: -4892167336770421144}
  - {fileID: 6446535908831964698}
  - {fileID: -3186882507846248813}
  - {fileID: 4479317369938974295}
  - {fileID: -8982820633332186736}
  - {fileID: 5151896432520139382}
  EditorParameters: []
  MasterBanks:
  - {fileID: 7491346207277639554}
  StringsBanks:
  - {fileID: 8434869604931160857}
  stringsBankWriteTime: 637360485410000000
  cacheVersion: 3
--- !u!114 &3546403879372624501
MonoBehaviour:
  m_ObjectHideFlags: 0
  m_CorrespondingSourceObject: {fileID: 0}
  m_PrefabInstance: {fileID: 0}
  m_PrefabAsset: {fileID: 0}
  m_GameObject: {fileID: 0}
  m_Enabled: 1
  m_EditorHideFlags: 0
  m_Script: {fileID: 11500000, guid: c18180ecb35941f4682ae60107b85b7c, type: 3}
  m_Name: bank:/Master.bank
  m_EditorClassIdentifier: 
  Path: Assets/Audio/Automata/Build/Desktop/Master.bank
  SubDir: 
  lastModified: 637360479820000000
  LoadResult: 0
  FileSizes: []
  Exists: 0
--- !u!114 &3843933327504349841
MonoBehaviour:
  m_ObjectHideFlags: 0
  m_CorrespondingSourceObject: {fileID: 0}
  m_PrefabInstance: {fileID: 0}
  m_PrefabAsset: {fileID: 0}
  m_GameObject: {fileID: 0}
  m_Enabled: 1
  m_EditorHideFlags: 0
  m_Script: {fileID: 11500000, guid: ceb653cd98e289a4e8697a1af55201f2, type: 3}
  m_Name: event:/Node Put Down
  m_EditorClassIdentifier: 
  Path: event:/Node Put Down
  guid: 603dc0d2cc33ab4aaebad1dec17aece7
  Banks:
  - {fileID: 7491346207277639554}
  IsStream: 0
  Is3D: 0
  IsOneShot: 1
  Parameters: []
  MinDistance: 0
  MaxDistance: 0
  Length: 43
--- !u!114 &4479317369938974295
MonoBehaviour:
  m_ObjectHideFlags: 0
  m_CorrespondingSourceObject: {fileID: 0}
  m_PrefabInstance: {fileID: 0}
  m_PrefabAsset: {fileID: 0}
  m_GameObject: {fileID: 0}
  m_Enabled: 1
  m_EditorHideFlags: 0
  m_Script: {fileID: 11500000, guid: ceb653cd98e289a4e8697a1af55201f2, type: 3}
  m_Name: event:/Connection Deconfirm
  m_EditorClassIdentifier: 
  Path: event:/Connection Deconfirm
  guid: d676d0dd2dde494e88e4f66cd5627ab9
  Banks:
  - {fileID: 7491346207277639554}
  IsStream: 0
  Is3D: 0
  IsOneShot: 1
  Parameters: []
  MinDistance: 0
  MaxDistance: 0
  Length: 139
--- !u!114 &4887458975890502145
MonoBehaviour:
  m_ObjectHideFlags: 0
  m_CorrespondingSourceObject: {fileID: 0}
  m_PrefabInstance: {fileID: 0}
  m_PrefabAsset: {fileID: 0}
  m_GameObject: {fileID: 0}
  m_Enabled: 1
  m_EditorHideFlags: 0
  m_Script: {fileID: 11500000, guid: ceb653cd98e289a4e8697a1af55201f2, type: 3}
  m_Name: event:/Put Down
  m_EditorClassIdentifier: 
  Path: event:/Put Down
  guid: 603dc0d2cc33ab4aaebad1dec17aece7
  Banks: []
  IsStream: 0
  Is3D: 0
  IsOneShot: 1
  Parameters: []
  MinDistance: 0
  MaxDistance: 0
  Length: 191
--- !u!114 &5151896432520139382
MonoBehaviour:
  m_ObjectHideFlags: 0
  m_CorrespondingSourceObject: {fileID: 0}
  m_PrefabInstance: {fileID: 0}
  m_PrefabAsset: {fileID: 0}
  m_GameObject: {fileID: 0}
  m_Enabled: 1
  m_EditorHideFlags: 0
  m_Script: {fileID: 11500000, guid: ceb653cd98e289a4e8697a1af55201f2, type: 3}
  m_Name: event:/Connection Start
  m_EditorClassIdentifier: 
  Path: event:/Connection Start
  guid: dad2a227bdc6e34480a801db0095263f
  Banks:
  - {fileID: 7491346207277639554}
  IsStream: 0
  Is3D: 0
  IsOneShot: 1
  Parameters: []
  MinDistance: 0
  MaxDistance: 0
  Length: 278
--- !u!114 &6078727829690362571
MonoBehaviour:
  m_ObjectHideFlags: 0
  m_CorrespondingSourceObject: {fileID: 0}
  m_PrefabInstance: {fileID: 0}
  m_PrefabAsset: {fileID: 0}
  m_GameObject: {fileID: 0}
  m_Enabled: 1
  m_EditorHideFlags: 0
  m_Script: {fileID: 11500000, guid: c18180ecb35941f4682ae60107b85b7c, type: 3}
  m_Name: bank:/Master.bank
  m_EditorClassIdentifier: 
  Path: Assets/Audio/Automata/Build/Desktop/Master.bank
  SubDir: 
  lastModified: 637360473320000000
  LoadResult: 0
  FileSizes: []
  Exists: 0
--- !u!114 &6446535908831964698
MonoBehaviour:
  m_ObjectHideFlags: 0
  m_CorrespondingSourceObject: {fileID: 0}
  m_PrefabInstance: {fileID: 0}
  m_PrefabAsset: {fileID: 0}
  m_GameObject: {fileID: 0}
  m_Enabled: 1
  m_EditorHideFlags: 0
  m_Script: {fileID: 11500000, guid: ceb653cd98e289a4e8697a1af55201f2, type: 3}
  m_Name: event:/Node In
  m_EditorClassIdentifier: 
  Path: event:/Node In
  guid: c1033d35c0019042a184cbee0907efbe
  Banks:
  - {fileID: 7491346207277639554}
  IsStream: 0
  Is3D: 0
  IsOneShot: 1
  Parameters: []
  MinDistance: 0
  MaxDistance: 0
  Length: 286
--- !u!114 &7491346207277639554
MonoBehaviour:
  m_ObjectHideFlags: 0
  m_CorrespondingSourceObject: {fileID: 0}
  m_PrefabInstance: {fileID: 0}
  m_PrefabAsset: {fileID: 0}
  m_GameObject: {fileID: 0}
  m_Enabled: 1
  m_EditorHideFlags: 0
  m_Script: {fileID: 11500000, guid: c18180ecb35941f4682ae60107b85b7c, type: 3}
  m_Name: bank:/Master.bank
  m_EditorClassIdentifier: 
  Path: Assets/Audio/Automata/Build/Desktop/Master.bank
  SubDir: 
  lastModified: 637360485410000000
  LoadResult: 0
  FileSizes: []
  Exists: 1
--- !u!114 &8434869604931160857
MonoBehaviour:
  m_ObjectHideFlags: 0
  m_CorrespondingSourceObject: {fileID: 0}
  m_PrefabInstance: {fileID: 0}
  m_PrefabAsset: {fileID: 0}
  m_GameObject: {fileID: 0}
  m_Enabled: 1
  m_EditorHideFlags: 0
  m_Script: {fileID: 11500000, guid: c18180ecb35941f4682ae60107b85b7c, type: 3}
  m_Name: bank:/Master.strings.bank
  m_EditorClassIdentifier: 
  Path: Assets/Audio/Automata/Build/Desktop/Master.strings.bank
  SubDir: 
  lastModified: 637360485410000000
  LoadResult: 0
  FileSizes:
  - Name: Desktop
    Value: 1070
  Exists: 1
